@misc{img:nuages,
 author    = "Capdegelle, Denis",
 title     = "Répartition des nuages dans la troposphère",
 year      =  2025,
 note      = "Tous droits réservés, Info Pilote. Image extraite du magasine Info Pilote n°828\cite{ip828}, p.48"
}
@book{ip828,
  title     = "Info Pilote n°828",
  author    = "Rédaction d'{Info Pilote}",
  year      = 2025,
  month     = 03,
  publisher = "Fédération Française Aéronautique",
  address   = "Paris",
  url       = "https://www.info-pilote.fr/info-pilote-828-sommaire/",
  urldate   = "2025-03-06",
  issn      = "0761-0718"
}