@misc{img:ignOaciBordeaux,
 author    = "SIA",
 title     = "Extrait de la carte IGN OACI 1/500 000 - région de Bordeaux",
 year      =  2024,
 url       = "https://www.geoportail.gouv.fr/carte?c=-0.6675068786929832,44.84603251026058&z=9&l0=GEOGRAPHICALGRIDSYSTEMS.MAPS.SCAN-OACI::GEOPORTAIL:OGC:WMTS(1)&tilt=89.0&heading=-0.0&is3Dloaded=yes&permalink=yes",
 urldate   = "2025-03-04",
 note      = "Tous droits réservés, SIA"
}