@online{avionaire,
 title     = "L'avionnaire",
 year      =  2025,
 url       = "https://www.lavionnaire.fr/",
 urldate   = "2025-02-16",
}
@misc{tikz::schemaMoteurPiston,
 author    = "Neutelings, Izaak",
 title     = "Engine combustion (image TikZ représentant un moteur à piston)",
 year      =  2019,
 url       = "https://tikz.net/engine_combustion/",
 urldate   = "2025-02-16",
 note      = "Licence CC-BY-SA 4.0"
}
@misc{tikz::schemaMoteurPistonAnime,
 author    = "Vermot-Desroches, Clément",
 title     = "Engine combustion (image TikZ représentant un moteur à piston)",
 year      =  2025,
 url       = "https://tikz.net/engine_combustion/",
 urldate   = "2025-02-16",
 note      = "Licence CC-BY-SA 4.0. Animation réalisée sur la base de la création originale de \cite{tikz::schemaMoteurPiston}"
}
@misc{tikz::instrumentsBase,
 author    = "Cel, Marek",
 title     = "Instruments de navigation",
 year      =  2025,
 url       = "https://github.com/marek-cel/QFlightinstruments",
 urldate   = "2025-02-19",
 note      = "Illsutrations réalisée sur la base des fichiers SVG présents dans le dépot. Licence MIT."
}
@misc{simu:Garmin,
 author    = "Garmin",
 title     = "Simualeteur Garmin G1000 v13.02",
 year      =  2025,
 url       = "https://www.garmin.com/fr-FR/p/6420",
 urldate   = "2025-03-01",
 note      = "Licence : tous droits réservés par Garmin."
}
@misc{screenshot::G1000-MFD,
 author    = "Vermot-Desroches, Clément",
 title     = "Copie d'écran MFD Garmin G1000 de Cessna 206H, issue du simulateur Garmin \cite{simu:Garmin}",
 year      =  2025,
 note      = "Copie d'écran réalisée le 01/03/2025"
}
@misc{screenshot::G1000-PFD,
 author    = "Vermot-Desroches, Clément",
 title     = "Copie d'écran PFD Garmin G1000 de Cessna 206H, issue du simulateur Garmin \cite{simuGarmin}",
 year      =  2025,
 note      = "Copie d'écran réalisée le 01/03/2025"
}
@misc{img:dirigeable,
 author    = "AngMoKio",
 title     = "Zeppelin NT",
 year      =  2010,
 url       = "https://commons.wikimedia.org/wiki/File:Zeppellin_NT_amk.JPG",
 urldate   = "2025-02-16",
 note      = "Licence CC BY-SA 3.0"
}
@misc{img:montgolfiere,
 author    = "Wander, Matthäus",
 title     = "Ballon de Gary et Diana Moore, Wanderlust Balloons - Lake Havasu City, AZ, USA",
 year      =  2004,
 url       = "https://commons.wikimedia.org/wiki/File:Balloons_3_bg_060504.jpg",
 urldate   = "2025-02-16",
 note      = "Domaine public"
}
@misc{img:tiltrotor,
 author    = "Herzog, Julian",
 title     = "CV-22B Osprey with rotors in tilt",
 year      =  2023,
 url       = "https://en.wikipedia.org/wiki/Bell_Boeing_V-22_Osprey#/media/File:USAF_CV-22B_Osprey_11-0058_RIAT_2023_03.jpg",
 urldate   = "2025-02-16",
 note      = "Licence CC BY 4.0"
}
@misc{img:helicoptereEC145,
 author    = "Zepper, Matthias",
 title     = "Hélicoptère de secours suisse en action. Modèle BK 117-C2 (EC-145)",
 year      =  2009,
 url       = "https://commons.wikimedia.org/wiki/File:Paratrooper_at_Spanish_drop_zone_during_Exercise_Iberian_Eagle.jpg",
 urldate   = "2025-02-16",
 note      = "Licence CC BY-SA 3.0"
}

@misc{img:paraMili,
 author    = "Igbo, Caporal Obi",
 title     = "Parachutiste militaire",
 year      =  2013,
 url       = "https://commons.wikimedia.org/wiki/File:Paratrooper_at_Spanish_drop_zone_during_Exercise_Iberian_Eagle.jpg",
 urldate   = "2025-02-16",
 note      = "Licence OGL 1.0"
}
@misc{img:paraSport,
 author    = "Laws, Joe",
 title     = "Parachue sportif moderne",
 year      =  2004,
 url       = "https://commons.wikimedia.org/wiki/File:USN_parachute_demo_team_at_Minot_AFB.jpg",
 urldate   = "2025-02-16",
 note      = "Domaine public"
}

@misc{img:ulmClasse1,
 author    = "Dilmen Nevit",
 title     = "Powered paragliding in Istanbul",
 year      =  2012,
 url       = "https://commons.wikimedia.org/wiki/File:Powered_paragliding_1450504.jpg",
 urldate   = "2025-02-17",
 note      = "Licence CC BY-SA 3.0"
}
@misc{img:ulmClasse2,
 author    = "Jorogar",
 title     = "Vol d'un ULM pendulaire",
 year      =  2014,
 url       = "https://commons.wikimedia.org/wiki/File:Ultraligero-Trike.jpg",
 urldate   = "2025-02-17",
 note      = "Licence CC BY-SA 4.0"
}
@misc{img:ulmClasse3,
 author    = "Stroes, Jeroen",
 title     = "ULM classe 3 BRM Aero Bristell",
 year      =  2018,
 url       = "https://commons.wikimedia.org/wiki/File:BRM_Aero_Bristell_D-MMIP_(39699502292).jpg",
 urldate   = "2025-02-17",
 note      = "Licence CC BY 2.0"
}
@misc{img:ulmClasse4,
 author    = "Haen, Michel",
 title     = "Magni M16 gyroplane (26VQ)",
 year      =  2007,
 url       = "https://commons.wikimedia.org/wiki/File:Magni_M16_Tandem_Trainer_gyroplane.jpg",
 urldate   = "2025-02-17",
 note      = "Licence usage libre"
}
@misc{img:ulmClasse5,
 author    = "Irvglf",
 title     = "Aérostat Ultra Léger - Ballon Classe 5 ULM",
 year      =  2019,
 url       = "https://commons.wikimedia.org/wiki/File:Classe-5.jpg",
 urldate   = "2025-02-17",
 note      = "Licence CC BY-SA 4.0"
}
@misc{img:ulmClasse6,
 author    = "Álvarez López, David",
 title     = "ULM classe 6 Heli-Sport CH-7",
 year      =  2022,
 url       = "https://commons.wikimedia.org/wiki/File:CH7_Kompress_Charlie._Entrenamiento_s%C3%A1bado._Festival_Aereo_Internacional_De_Gij%C3%B3n._2022._(cropped).jpg",
 urldate   = "2025-02-17",
 note      = "Licence CC BY 2.0"
}

@misc{img:tubePitotC172,
 author    = "Pucci, Maurizio",
 title     = "Tube pitot sur un Cessna 172",
 year      =  2008,
 url       = "https://www.flickr.com/photos/the_night_flier/3034200405/in/photostream/",
 urldate   = "2025-02-17",
 note      = "Licence CC BY-NC-SA 2.0"
}
@misc{img:tubesPitotG6000,
 author    = "Cleynen, Olivier",
 title     = "Tubes pitot d'un Bombardier Global 6000",
 year      =  2013,
 url       = "https://commons.wikimedia.org/wiki/File:Pitot_and_AoA_probes_on_Global_6000.jpg",
 urldate   = "2025-02-17",
 note      = "Licence CC BY-SA 3.0"
}

@book{initiationAero,
  title     = "Initiation à l'aéronautique",
  author    = "Puy de Goyne, Thierry and Plays, Yves and Lepourry, Patrick and Méchain, Dnaiel and Besse, Jacques and Campredon, Arnaud and al",
  year      = 2023,
  publisher = "Cépduès éditions",
  address   = "Toulouse"
}