@misc{img:OACI-logo,
 author    = "OACI",
 title     = "Logo de l'OACI",
 year      =  2025,
 note      = "Licence : fair use",
 url       = "https://en.wikipedia.org/wiki/File:International_Civil_Aviation_Organization_logo.svg",
 urldate   = "2025-03-06",
}