
@misc{img:profilAile,
 author    = "Cleynen, Olivier",
 title     = "Sch√©ma d'un profil d'aile",
 year      =  2011,
 url       = "https://fr.wikipedia.org/wiki/Intrados_(a%C3%A9ronautique)#/media/Fichier:Wing_profile_nomenclature_(fr).svg",
 urldate   = "2025-06-13",
 note      = "Licence CC0"
}
