@online{avionaire,
 title     = "L'avionnaire",
 year      =  2025,
 url       = "https://www.lavionnaire.fr/",
 urldate   = "2025-02-16",
}
@misc{tikz::schemaMoteurPiston,
 author    = "Neutelings, Izaak",
 title     = "Engine combustion (image TikZ représentant un moteur à piston)",
 year      =  2019,
 url       = "https://tikz.net/engine_combustion/",
 urldate   = "2025-02-16",
 note      = "Licence CC-BY-SA 4.0"
}
@misc{tikz::schemaMoteurPistonAnime,
 author    = "Vermot-Desroches, Clément and Neutelings, Izaak",
 title     = "Engine combustion (image TikZ représentant un moteur à piston)",
 year      =  2025,
 url       = "https://tikz.net/engine_combustion/",
 urldate   = "2025-02-16",
 note      = "Licence CC-BY-SA 4.0. Animation réalisée sur la base de la création originale de \cite{tikz::schemaMoteurPiston}"
}
@misc{img:dirigeable,
 author    = "AngMoKio",
 title     = "Zeppelin NT",
 year      =  2010,
 url       = "https://commons.wikimedia.org/wiki/File:Zeppellin_NT_amk.JPG",
 urldate   = "2025-02-16",
 note      = "Licence CC BY-SA 3.0"
}
@misc{img:montgolfiere,
 author    = "Wander, Matthäus",
 title     = "Ballon de Gary et Diana Moore, Wanderlust Balloons - Lake Havasu City, AZ, USA",
 year      =  2004,
 url       = "https://commons.wikimedia.org/wiki/File:Balloons_3_bg_060504.jpg",
 urldate   = "2025-02-16",
 note      = "Domaine public"
}
@book{initiationAero,
  title     = "Initiation à l'aéronautique",
  author    = "Puy de Goyne, Thierry and Plays, Yves and Lepourry, Patrick and Méchain, Dnaiel and Besse, Jacques and Campredon, Arnaud and al",
  year      = 2023,
  publisher = "Cépduès éditions",
  address   = "London"
}